<record><leader>00000cas a22000007a 4500</leader><controlfield tag="001">24103276</controlfield><controlfield tag="008">910719d19051907ohudn ne      0    0eng d</controlfield><datafield ind1=" " ind2=" " tag="010"><subfield code="a">sn 91069995 </subfield></datafield><datafield ind1=" " ind2=" " tag="040"><subfield code="a">ONP</subfield><subfield code="b">eng</subfield><subfield code="c">ONP</subfield><subfield code="d">OCLCQ</subfield></datafield><datafield ind1=" " ind2=" " tag="042"><subfield code="a">msc</subfield></datafield><datafield ind1="0" ind2=" " tag="130"><subfield code="a">Middletown news (Middletown, Ohio)</subfield></datafield><datafield ind1="1" ind2="4" tag="245"><subfield code="a">The Middletown news.</subfield></datafield><datafield ind1=" " ind2=" " tag="260"><subfield code="a">Middletown, Ohio :</subfield><subfield code="b">Middletown News Print. Co.,</subfield><subfield code="c">1905-1907.</subfield></datafield><datafield ind1=" " ind2=" " tag="300"><subfield code="a">v.</subfield></datafield><datafield ind1=" " ind2=" " tag="310"><subfield code="a">Daily (except Sun.)</subfield></datafield><datafield ind1="0" ind2=" " tag="362"><subfield code="a">Vol. 1, no. 1 (May 18, 1905)-v. 4, no. 23 (Jan. 28, 1907).</subfield></datafield><datafield ind1=" " ind2=" " tag="752"><subfield code="a">United States</subfield><subfield code="b">Ohio</subfield><subfield code="c">Butler</subfield><subfield code="d">Middletown.</subfield></datafield><datafield ind1="0" ind2="7" tag="785"><subfield code="t">Daily signal (Middletown, Ohio)</subfield><subfield code="w">(DLC)sn 91069989</subfield></datafield><datafield ind1="0" ind2="7" tag="785"><subfield code="t">Middletown daily news-signal</subfield><subfield code="w">(DLC)sn 91069991</subfield></datafield></record>